<record><leader>00000cas a22000007a 4500</leader><controlfield tag="001">23244139</controlfield><controlfield tag="008">910314d19071917coucr ne      0    0eng d</controlfield><controlfield tag="009">9774</controlfield><datafield ind1=" " ind2=" " tag="010"><subfield code="a">sn 91052314 </subfield></datafield><datafield ind1=" " ind2=" " tag="040"><subfield code="a">CNQ</subfield><subfield code="b">eng</subfield><subfield code="c">CNQ</subfield><subfield code="d">GUA</subfield></datafield><datafield ind1=" " ind2=" " tag="042"><subfield code="a">msc</subfield></datafield><datafield ind1="0" ind2=" " tag="130"><subfield code="a">Semi-weekly herald (Durango, Colo.)</subfield></datafield><datafield ind1="0" ind2="0" tag="245"><subfield code="a">Semi-weekly herald.</subfield></datafield><datafield ind1="0" ind2="0" tag="246"><subfield code="a">Semi weekly herald</subfield></datafield><datafield ind1="0" ind2="0" tag="246"><subfield code="a">Durango weekly herald</subfield></datafield><datafield ind1="0" ind2="0" tag="246"><subfield code="a">Durango semi-herald</subfield></datafield><datafield ind1="0" ind2="0" tag="246"><subfield code="a">Durango semi-weekly herald</subfield></datafield><datafield ind1=" " ind2=" " tag="260"><subfield code="a">Durango, Colo. :</subfield><subfield code="b">[The Herald Print. Co.],</subfield></datafield><datafield ind1=" " ind2=" " tag="300"><subfield code="a">v.</subfield></datafield><datafield ind1=" " ind2=" " tag="310"><subfield code="a">Semiweekly</subfield></datafield><datafield ind1="0" ind2=" " tag="362"><subfield code="a">Sept. 30, 1907-</subfield></datafield><datafield ind1="1" ind2=" " tag="362"><subfield code="a">Ceased in 1917?</subfield></datafield><datafield ind1=" " ind2=" " tag="500"><subfield code="a">Published Thurs. as: Durango evening herald.</subfield></datafield><datafield ind1=" " ind2=" " tag="500"><subfield code="a">Published ad: Durango semi-herald, Oct. 1, Nov. 4-11, 1907, and: Durango weekly herald, Oct. 14, 1907, and: Durango semi-weekly herald, Nov. 12, 1917.</subfield></datafield><datafield ind1=" " ind2=" " tag="580"><subfield code="a">Daily ed.: Durango evening herald.</subfield></datafield><datafield ind1=" " ind2=" " tag="752"><subfield code="a">United States</subfield><subfield code="b">Colorado</subfield><subfield code="c">La Plata</subfield><subfield code="d">Durango.</subfield></datafield><datafield ind1="1" ind2=" " tag="775"><subfield code="t">Durango evening herald</subfield><subfield code="w">(DLC)sn 86091275</subfield></datafield><datafield ind1="0" ind2="0" tag="780"><subfield code="t">Durango semi-weekly herald</subfield><subfield code="w">(DLC)sn 91052313</subfield></datafield></record>